<?xml version="1.0" encoding="UTF-8"?><collection xmlns="http://www.loc.gov/MARC21/slim"><record><leader>00391nam--2200121-i-4500</leader><controlfield tag="001">000024126</controlfield><controlfield tag="002">20161230</controlfield><controlfield tag="005">20161230201035</controlfield><controlfield tag="008">060222s1000------------r-----000-0-eng-d</controlfield><datafield ind1=" " ind2=" " tag="080"><subfield code="a">05(020:498)</subfield></datafield><datafield ind1=" " ind2=" " tag="245"><subfield code="a">Ghid cumulativ al publicatiilor periodice straine. publicatii periodice pe relatia devize:index alfabetic si index al repartitiei pe tari</subfield></datafield><datafield ind1=" " ind2=" " tag="260"><subfield code="a">Bucuresti,Inid, 1982</subfield></datafield><datafield ind1=" " ind2=" " tag="852"><subfield code="a">D.2121</subfield></datafield></record></collection>